% This file was created with JabRef 2.10.
% Encoding: UTF-8


@Article{French1999,
  Title                    = {Catastrophic forgetting in connectionist networks},
  Author                   = {French, Robert M},
  Journaltitle             = {Trends in cognitive sciences},
  Year                     = {1999},
  Number                   = {4},
  Pages                    = {128--135},
  Volume                   = {3},

  Owner                    = {jim},
  Timestamp                = {2018.04.20}
}

@Article{Kirkpatrick2017,
  Title                    = {Overcoming catastrophic forgetting in neural networks},
  Author                   = {Kirkpatrick, James and Pascanu, Razvan and Rabinowitz, Neil and Veness, Joel and Desjardins, Guillaume and Rusu, Andrei A and Milan, Kieran and Quan, John and Ramalho, Tiago and Grabska-Barwinska, Agnieszka and others},
  Journaltitle             = {Proceedings of the National Academy of Sciences},
  Year                     = {2017},
  Number                   = {13},
  Pages                    = {3521--3526},
  Volume                   = {114},

  Owner                    = {jim},
  Timestamp                = {2018.04.20}
}

@Book{Leunen:Scholars:92,
  Title                    = {A Handbook for Scholars},
  Author                   = {M.-C. van Leunen},
  Year                     = {1992},
  Publisher                = {Oxford University Press}
}

@Inproceedings{Shmelkov2017,
  Title                    = {Incremental Learning of Object Detectors without Catastrophic Forgetting},
  Author                   = {Shmelkov, Konstantin and Schmid, Cordelia and Alahari, Karteek},
  Booktitle                = {ICCV},
  Date                     = {2017-10-22/2017-10-29},
  Year                     = {2017},
  Publisher                = {IEEE},

  Journaltitle             = {arXiv preprint arXiv:1708.06977},
  Owner                    = {jim},
  Timestamp                = {2018.04.20}
}

@Misc{Taylor:SIGuide:95,
  Title                    = {Guide for the Use of the International System of Units (SI)},
  Author                   = {B. N. Taylor},
  Year                     = {1995},
  HowPublished             = {NIST Special Publication 811},
  Note                     = {\url{http://physics.nist.gov/Document/sp811.pdf}}
}

@Inbook{Toutounji2016,
  Title                    = {Autonomous Learning Needs a Second Environmental Feedback Loop},
  Author                   = {Toutounji, Hazem and Pasemann, Frank},
  Booktitle                = {Computational Intelligence},
  Year                     = {2016},
  Pages                    = {455--472},
  Publisher                = {Springer},

  Owner                    = {jim},
  Timestamp                = {2018.04.20}
}

@Article{Velez2017,
  Title                    = {Diffusion-based neuromodulation can eliminate catastrophic forgetting in simple neural networks},
  Author                   = {Velez, Roby and Clune, Jeff},
  Journaltitle             = {PloS one},
  Year                     = {2017},
  Editor                   = {Irene Sendi√±a-Nadal},
  Number                   = {11},
  Pages                    = {e0187736},
  Volume                   = {12},

  Owner                    = {jim},
  Timestamp                = {2018.04.20}
}

