% Encoding: UTF-8

@Article{Fischer1986,
  author       = {Fischer, Michael J. and Lynch, Nancy A. and Merritt, Michael},
  title        = {Easy impossibility proofs for distributed consensus problems},
  journal      = {Distributed Computing},
  year         = {1986},
  volume       = {1},
  number       = {1},
  pages        = {26--39},
  month        = mar,
  file         = {:/home/jim/Documents/Studium/WS2016_17/FGI3/Seminar/Literatur/easy-impossibility-proofs-for-distributed-consensus-problems.pdf:PDF},
  journaltitle = {Distributed Computing},
  owner        = {jim},
  timestamp    = {2017.01.15},
}

@Article{Fischer1985,
  author    = {Fischer, Michael J. and Lynch, Nancy A. and Paterson, Michael S.},
  title     = {Impossibility of distributed consensus with one faulty process},
  journal   = {Journal of the ACM},
  year      = {1985},
  volume    = {32},
  number    = {2},
  pages     = {374--382},
  month     = apr,
  file      = {:/home/jim/Documents/Studium/WS2016_17/FGI3/Seminar/Literatur/impossibility-of-distributed-consensus-with-one-faulty-process.pdf:PDF},
  owner     = {jim},
  timestamp = {2017.01.15},
}

@Article{Aspnes2003,
  author    = {James Aspnes},
  title     = {Randomized protocols for asynchronous consensus},
  journal   = {Distributed Computing},
  year      = {2003},
  volume    = {16},
  number    = {2},
  pages     = {165--175},
  month     = sep,
  owner     = {jim},
  timestamp = {2017.01.15},
}

@InProceedings{Doerr2011,
  author    = {Doerr, Benjamin and Goldberg, Leslie Ann and Minder, Lorenz and Sauerwald, Thomas and Scheideler, Christian},
  title     = {Stabilizing {C}onsensus {W}ith the {P}ower of {T}wo {C}hoices},
  booktitle = {Proceedings of the 23rd symposium on Parallelism in algorithms and architectures},
  year      = {2011},
  pages     = {149--158},
  publisher = {ACM},
  date      = {2011-06-04/2011-06-06},
  file      = {:/home/jim/Documents/Studium/WS2016_17/FGI3/Seminar/Literatur/Stabilizing-Consensus-with-power-of-two-choices-alt.pdf:PDF},
  owner     = {jim},
  timestamp = {2016.11.12},
}

@InProceedings{Doerr2010,
  author    = {Benjamin Doerr and Leslie Ann Goldberg and Lorenz Minder and Thomas Sauerwald and Christian Scheideler},
  title     = {Stabilizing {C}onsensus with the {P}ower of {T}wo {C}hoices},
  booktitle = {Algorithmic Methods for Distributed Cooperative Systems},
  year      = {2010},
  editor    = {S{\'a}ndor Fekete and Stefan Fischer and Martin Riedmiller and Suri Subhash},
  number    = {09371},
  series    = {Dagstuhl Seminar Proceedings},
  publisher = {Schloss Dagstuhl - Leibnitz-Zentrum f√ºr Informatik, Deutschland},
  file      = {:/home/jim/Documents/Studium/WS2016_17/FGI3/Seminar/Literatur/Stabilizing-Consensus-with-power-of-two-choices.pdf:PDF},
  owner     = {jim},
  timestamp = {2017.02.04},
}

@InProceedings{Ben-Or1983,
  author    = {Michael Ben-Or},
  title     = {Another advantage of free choice: Completely asynchronous agreement protocols},
  booktitle = {Proceedings of the 2nd ACM symposium on PODC},
  year      = {1983},
  pages     = {27--30},
  owner     = {jim},
  timestamp = {2017.02.04},
}

@InProceedings{Rabin1983,
  author    = {Michael O. Rabin},
  title     = {Randomized byzantine generals},
  booktitle = {Proc. of the 24th IEEE Symp. on Foundations of Computer Science (FOCS)},
  year      = {1983},
  pages     = {403--409},
  publisher = {IEEE},
  owner     = {jim},
  timestamp = {2017.02.04},
}

@Article{Feldman1997,
  author    = {Pesech Feldman and Silvio Micali},
  title     = {An optimal probabilistic protocol for synchronous Byzantine agreement},
  journal   = {SIAM Journal on Computing},
  year      = {1997},
  volume    = {26},
  number    = {4},
  pages     = {873--933},
  owner     = {jim},
  timestamp = {2017.02.04},
}

@InProceedings{Canetti1993,
  author    = {Ran Canetti and Tal Rabin},
  title     = {Fast asynchronous {B}yzantine agreement with optimal resilience},
  booktitle = {Proc. of the 25th ACM symp. on Theory of computing},
  year      = {1993},
  pages     = {42--51},
  owner     = {jim},
  timestamp = {2017.02.04},
}

@Article{Katz2009,
  author    = {Jonathan Katz and Chiu-Yuen Koo},
  title     = {On expected constant-round protocols for {B}yzantine agreement},
  journal   = {Journal of Computer and System Sciences International},
  year      = {2009},
  volume    = {75},
  number    = {2},
  pages     = {91--112},
  month     = feb,
  owner     = {jim},
  timestamp = {2017.02.04},
}

@InProceedings{Feige1999,
  author    = {U. Feige},
  title     = {Noncryptographic selection protocols},
  booktitle = {Proc. of the 40th IEEE Symp. on Foundations of Computer Science (FOCS)},
  year      = {1999},
  pages     = {142--153},
  publisher = {IEEE},
  owner     = {jim},
  timestamp = {2017.02.04},
}

@InProceedings{Ben-Or2006,
  author    = {Michael Ben-Or and Elan Pavlov and Vinod Vaikuntanathan},
  title     = {Byzantine agreement in the full-information model in O(log n) rounds},
  booktitle = {Proc. of the 38th ACM symp. on Theory of computing},
  year      = {2006},
  pages     = {179--186},
  month     = may,
  owner     = {jim},
  timestamp = {2017.02.04},
}

@Article{Chor1994,
  author    = {Benny Chor and Amos Israeli and Ming Li},
  title     = {Wait-{F}ree {C}onsensus {U}sing {A}synchronous {H}ardware},
  journal   = {SIAM Journal on Computing},
  year      = {1994},
  volume    = {23},
  number    = {4},
  pages     = {701--712},
  owner     = {jim},
  timestamp = {2017.02.04},
}

@Comment{jabref-meta: databaseType:bibtex;}
