% This file was created with JabRef 2.10.
% Encoding: UTF8


@Article{Girshick2015,
  Title                    = {Fast R-CNN},
  Author                   = {Ross Girshick},
  Journaltitle             = {2015 IEEE ICCV},
  Year                     = {2015},
  Pages                    = {1440--1448},

  Owner                    = {jim},
  Timestamp                = {2018.05.08}
}

@Inproceedings{Simonyan2015,
  Title                    = {Very Deep Convolutional Networks for Large-Scale Image Recognition},
  Author                   = {Karen Simonyan and Andrew Zisserman},
  Booktitle                = {ICLR},
  Year                     = {2015},

  Owner                    = {jim},
  Timestamp                = {2018.05.02}
}

@Inproceedings{Song2016,
  Title                    = {Deep Sliding Shapes for Amodal 3D Object Detection in RGB-D Images},
  Author                   = {S. Song and J. Xiao},
  Booktitle                = {2016 IEEE Conference on Computer Vision and Pattern Recognition (CVPR)},
  Year                     = {2016},
  Pages                    = {808--816},

  Owner                    = {jim},
  Timestamp                = {2018.05.02}
}

